@article{Sample2023,
  author = {Author, A. and Co-Author, B.},
  title = {Title of the article or paper},
  journal = {Journal Name},
  volume = {Volume},
  number = {Issue},
  pages = {Page range},
  year = {2023},
  doi = {10.1000/sample}
}
@book{Book2022,
  author = {Author, C.},
  title = {Title of the Book},
  publisher = {Publisher Name},
  year = {2022}
}
@misc{Website2023,
  author = {Organization Name},
  title = {Title of the webpage},
  year = {2023},
  howpublished = {\url{https://www.example.com/page}}
}
@inproceedings{Conference2023,
  author = {Author, D. and Author, E.},
  title = {Title of the conference paper},
  booktitle = {Proceedings of the Conference Name},
  pages = {Page range},
  year = {2023},
  publisher = {Publisher Name}
}
@techreport{Report2023,
  author = {Author, F.},
  title = {Title of the technical report},
  institution = {Institution Name},
  year = {2023},
  number = {Report Number}
}
@online{Online2023,
  author = {Author, G.},
  title = {Title of the online resource},
  year = {2023},
  url = {https://www.example.com/resource}
}
@article{exampleReference,
  author  = {John Doe},
  title   = {An Example Article},
  journal = {Journal of Examples},
  year    = {2023},
  volume  = {1},
  number  = {1},
  pages   = {1--10}
}